
@article{Astonetal2005,
  title={An integrative theory of locus coeruleus-norepinephrine function: adaptive gain and optimal performance},
  author={Aston-Jones, G and Cohen, J D},
  journal={Annu. Rev. Neurosci.},
  volume={28},
  pages={403--450},
  year={2005}
}



@article{Atallahetal2007,
  title={Separate neural substrates for skill learning and performance in the ventral and dorsal striatum},
  author={Atallah, H E and Lopez-Paniagua, D and Rudy, J W and O'Reilly, R C},
  journal={Nature neuroscience},
  volume={10},
  pages={126--131},
  year={2007}
}


@article{Bachetal2009,
  title={Neural activity associated with the passive prediction of ambiguity and risk for aversive events},
  author={Bach, D R and Seymour, B and Dolan, R J},
  journal={Journal of Neuroscience},
  volume={29},
  number={6},
  pages={1648--1656},
  year={2009}
}

@article{Besteetal2018,
  title={Dopamine Modulates the Efficiency of Sensory Evidence Accumulation During Perceptual Decision Making},
  author={Beste, C and Adelh{\"o}fer, N and Gohil, K and Passow, S and Roessner, V and Li, Shu-Chen},
  journal={International Journal of Neuropsychopharmacology},
  year={2018}
}


@article{Bhandarietal2018,
  title={Just above Chance: Is It Harder to Decode Information from Human Prefrontal Cortex Blood Oxygenation Level-dependent Signals?},
  author={Bhandari, A and Gagne, C and Badre, D},
  journal={Journal of cognitive neuroscience},
  pages={1--26},
  year={2018}
}

@article{Beckmannetal2003,
  title={General multilevel linear modeling for group analysis in FMRI},
  author={Beckmann, C F and Jenkinson, M and Smith, S M},
  journal={Neuroimage},
  volume={20},
  pages={1052--1063},
  year={2003}
}


@article{Breiman2001,
  title={Random forests},
  author={Breiman, L},
  journal={Machine learning},
  volume={45},
  pages={5--32},
  year={2001}
}


@article{Breiman2004,
  title={Consistency for a simple model of random forests},
  author={Breiman, L},
  year={2004},
  url={https://www.stat.berkeley.edu/~breiman/RandomForests/consistencyRFA.pdf}
}


@article{Cicmiletal2015,
  title={Reward modulates the effect of visual cortical microstimulation on perceptual decisions},
  author={Cicmil, N and Cumming, B G and Parker, A J and Krug, K},
  journal={Elife},
  volume={4},
  pages={e07832},
  year={2015},
}

@article{Ciesliketal2013,
  title={Is there “one” DLPFC in cognitive action control? Evidence for heterogeneity from co-activation-based parcellation},
  author={Cieslik, E C and Zilles, K and Caspers, S and Roski, C and Kellermann, T S and Jakobs, O and Langner, R and Laird, A R and Fox, P T and Eickhoff, S B},
  journal={Cerebral cortex},
  volume={23},
  pages={2677--2689},
  year={2012}
}


@article{CollinsFrank2014,
  title={Opponent actor learning (OpAL): Modeling interactive effects of striatal dopamine on reinforcement learning and choice incentive},
  author={Collins, A G E and Frank, M J},
  journal={Psychological review},
  volume={121},
  pages={337--366},
  year={2014}
}


@article{CoolsDesposito2011,
  title={Inverted-U--shaped dopamine actions on human working memory and cognitive control},
  author={Cools, R and D'Esposito, M},
  journal={Biological psychiatry},
  volume={69},
  pages={e113--e125},
  year={2011}
}

@article{Daw2011,
  title={Trial-by-trial data analysis using computational models},
  author={Daw, Nathaniel D},
  journal={Decision making, affect, and learning: Attention and performance XXIII},
  volume={23},
  pages={3--38},
  year={2011}
}

@article{Dawetal2006,
  title={Cortical substrates for exploratory decisions in humans},
  author={Daw, N D and O'doherty, John P and Dayan, P and Seymour, B and Dolan, R J},
  journal={Nature},
  volume={441},
  pages={876--879},
  year={2006}
}

@article{Denoudenetal2012,
  title={How prediction errors shape perception, attention, and motivation},
  author={Den Ouden, H E M and Kok, P and De Lange, F P},
  journal={Frontiers in psychology},
  volume={3},
  pages={548},
  year={2012},
  publisher={Frontiers}
}


@article{DingGold2010,
  title={Caudate encodes multiple computations for perceptual decisions},
  author={Ding, L and Gold, J I},
  journal={Journal of Neuroscience},
  volume={30},
  pages={15747--15759},
  year={2010}
}


@article{Fernandezetal2001,
  title={Visual habit formation in monkeys with neurotoxic lesions of the ventrocaudal neostriatum},
  author={Fernandez-Ruiz, J and Wang, J and Aigner, T G and Mishkin, M},
  journal={Proceedings of the National Academy of Sciences},
  volume={98},
  pages={4196--4201},
  year={2001}
}

@article{Fitzgeraldetal2013,
  title={Characterising reward outcome signals in sensory cortex},
  author={FitzGerald, T H B and Friston, K J and Dolan, R J},
  journal={Neuroimage},
  volume={83},
  pages={329--334},
  year={2013}
}

@article{Fontanesietal2019,
  title={A reinforcement learning diffusion decision model for value-based decisions},
  author={Fontanesi, L and Gluth, S and Spektor, M S and Rieskamp, J},
  journal={Psychonomic Bulletin \& Review},
  pages={1--23},
  year={2019}
}

@article{Fouragnanetal2018,
  title={Separate neural representations of prediction error valence and surprise: Evidence from an fMRI meta-analysis},
  author={Fouragnan, E and Retzler, C and Philiastides, M G},
  journal={Human brain mapping},
  year={2018}
}


@article{Franketal2007,
  title={Genetic triple dissociation reveals multiple roles for dopamine in reinforcement learning},
  author={Frank, M J and Moustafa, A A and Haughey, H M and Curran, T and Hutchison, K E},
  journal={Proceedings of the National Academy of Sciences},
  volume={104},
  pages={16311--16316},
  year={2007}
}


@article{GoldShadlen2007,
  title={The neural basis of decision making},
  author={Gold, J I and Shadlen, M N},
  journal={Annu. Rev. Neurosci.},
  volume={30},
  pages={535--574},
  year={2007}
}


@article{Gottlieb2012,
  title={Attention, learning, and the value of information},
  author={Gottlieb, J},
  journal={Neuron},
  volume={76},
  pages={281--295},
  year={2012}
}


@article{Gottliebetal2014,
  title={Attention, reward, and information seeking},
  author={Gottlieb, J and Hayhoe, M and Hikosaka, O and Rangel, A},
  journal={Journal of Neuroscience},
  volume={34},
  pages={15497--15504},
  year={2014}
}


@article{Hareetal2011,
  title={Transformation of stimulus value signals into motor commands during simple choice},
  author={Hare, T A and Schultz, W and Camerer, C F and O'Doherty, J P and Rangel, A},
  journal={Proceedings of the National Academy of Sciences},
  volume={108},
  pages={18120--18125},
  year={2011}
}


@article{Hassabisetal2017,
  title={Neuroscience-inspired artificial intelligence},
  author={Hassabis, D and Kumaran, D and Summerfield, C and Botvinick, M},
  journal={Neuron},
  volume={95},
  pages={245--258},
  year={2017}
}

@article{HebartBaker2018,
  title={Deconstructing multivariate decoding for the study of brain function},
  author={Hebart, M N and Baker, C I},
  journal={Neuroimage},
  volume={180},
  pages={4--18},
  year={2018}
}


@article{Heekerenetal2008,
  title={The neural systems that mediate human perceptual decision making},
  author={Heekeren, H R and Marrett, S and Ungerleider, L G},
  journal={Nature reviews neuroscience},
  volume={9},
  pages={467},
  year={2008}
}


@article{Hikosakaetal2014,
  title={Basal ganglia circuits for reward value--guided behavior},
  author={Hikosaka, O and Kim, H F and Yasuda, M and Yamamoto, S},
  journal={Annual review of neuroscience},
  volume={37},
  pages={289--306},
  year={2014}
}


@article{Hikosakaetal2013,
  title={Why skill matters},
  author={Hikosaka, O and Yamamoto, S and Yasuda, M and Kim, H F},
  journal={Trends in cognitive sciences},
  volume={17},
  pages={434--441},
  year={2013}
}


@article{Kahntetal2011,
  title={Decoding different roles for vmPFC and dlPFC in multi-attribute decision making},
  author={Kahnt, T and Heinzle, J and Park, S Q and Haynes, J-D},
  journal={Neuroimage},
  volume={56},
  pages={709--715},
  year={2011}
}



@article{Jahfarietal2018,
author = {Jahfari, S and Ridderinkhof, K R and Collins, A G E and Knapen, T and Waldorp, L J and Frank, M J},
title = {Cross-Task Contributions of Frontobasal Ganglia Circuitry in Response Inhibition and Conflict-Induced Slowing},
journal = {Cerebral Cortex},
volume = {},
number = {},
pages = {bhy076},
year = {2018},
}


@article{JahfariTheeuwes2017,
  title={Sensitivity to value-driven attention is predicted by how we learn from value},
  author={Jahfari, S and Theeuwes, J},
  journal={Psychonomic bulletin \& review},
  volume={24},
  pages={408--415},
  year={2017}
}

@article{Jahfarietal2015,
  title={Visual information shapes the dynamics of corticobasal ganglia pathways during response selection and inhibition},
  author={Jahfari, S and Waldorp, L and Ridderinkhof, K R and Scholte, H S},
  journal={Journal of cognitive neuroscience},
  volume={27},
  pages={1344--1359},
  year={2015}
}



@article{Jochametal2016,
  title={Neuroscience of Value-Guided Choice},
  author={Jocham, G and Boorman, E and Behrens, T},
  journal={The Wiley Handbook on the Cognitive Neuroscience of Learning},
  pages={554--591},
  year={2016}
}

@article{Jochametal2011,
  title={Dopamine-mediated reinforcement learning signals in the striatum and ventromedial prefrontal cortex underlie value-based choices},
  author={Jocham, G and Klein, T A and Ullsperger, M},
  journal={Journal of Neuroscience},
  volume={31},
  pages={1606--1613},
  year={2011}
}

@article{Joeletal2002,
  title={Actor--critic models of the basal ganglia: New anatomical and computational perspectives},
  author={Joel, D and Niv, Y and Ruppin, E},
  journal={Neural networks},
  volume={15},
  pages={535--547},
  year={2002}
}




@article{Kahntetal2011,
  title={Perceptual learning and decision-making in human medial frontal cortex},
  author={Kahnt, T and Grueschow, M and Speck, O and Haynes, John-Dylan},
  journal={Neuron},
  volume={70},
  pages={549--559},
  year={2011}
}

@article{Kahntetal2009,
  title={Dorsal striatal--midbrain connectivity in humans predicts how reinforcements are used to guide decisions},
  author={Kahnt, T and Park, S Q and Cohen, M X and Beck, A and Heinz, A and Wrase, J},
  journal={Journal of Cognitive Neuroscience},
  volume={21},
  pages={1332--1345},
  year={2009}
}


@article{Kaskanetal2016,
  title={Learned value shapes responses to objects in frontal and ventral stream networks in macaque monkeys},
  author={Kaskan, P M and Costa, V D and Eaton, H P and Zemskova, J A and Mitz, A R and Leopold, D A and Ungerleider, L G and Murray, E A},
  journal={Cerebral Cortex},
  volume={27},
  pages={2739--2757},
  year={2016}
}


@article{Kimetal2017,
  title={Indirect pathway of caudal basal ganglia for rejection of valueless visual objects},
  author={Kim, H F and Amita, H and Hikosaka, O},
  journal={Neuron},
  volume={94},
  pages={920--930},
  year={2017}
}

@article{KimHikosaka2013,
  title={Distinct basal ganglia circuits controlling behaviors guided by flexible and stable values},
  author={Kim, H F and Hikosaka, O},
  journal={Neuron},
  volume={79},
  pages={1001--1010},
  year={2013}
}

@misc{Kingetal2018,
  title={Encoding and Decoding Neuronal Dynamics: Methodological Framework to Uncover the Algorithms of Cognition},
  author={King, Jean-R{\'e}mi and Gwilliams, L and Holdgraf, C and Sassenhagen, J and Barachant, A and Engemann, D and Larson, E and Gramfort, A},
  year={2018}
}

@article{Kleinetal2017,
  title={Learning relative values in the striatum induces violations of normative decision making},
  author={Klein, T A and Ullsperger, M and Jocham, G},
  journal={Nature Communications},
  volume={8},
  pages={16033},
  year={2017}
}


@article{KnapenGee2016,
  title={FIRDeconvolution},
  author={Knapen, T and Gee, JW},
  doi={doi:10.5281/ZENODO.46216},
  year={2016}
}

@article{Koketal2012,
  title={Less is more: expectation sharpens representations in the primary visual cortex},
  author={Kok, P and Jehee, J F M and De Lange, F P},
  journal={Neuron},
  volume={75},
  pages={265--270},
  year={2012}
}


@article{Kravitzetal2013,
  title={The ventral visual pathway: an expanded neural framework for the processing of object quality},
  author={Kravitz, D J and Saleem, K S and Baker, C I and Ungerleider, L G and Mishkin, M},
  journal={Trends in cognitive sciences},
  volume={17},
  pages={26--49},
  year={2013}
}

@article{KriegeskorteDouglas2018,
  title={Interpreting Encoding and Decoding Models},
  author={Kriegeskorte, N and Douglas, P K},
  journal={arXiv preprint arXiv:1812.00278},
  year={2018}
}


@article{Laketal2017,
  title={Midbrain dopamine neurons signal belief in choice accuracy during a perceptual decision},
  author={Lak, A and Nomoto, K and Keramati, M and Sakagami, M and Kepecs, A},
  journal={Current Biology},
  volume={27},
  pages={821--832},
  year={2017}
}


@article{Laketal2016,
  title={Dopamine neurons learn relative chosen value from probabilistic rewards},
  author={Lak, A and Stauffer, W R and Schultz, W},
  journal={Elife},
  volume={5},
  pages={e18044},
  year={2016}
}

@article{Langsetal2011,
  title={Detecting stable distributed patterns of brain activation using gini contrast},
  author={Langs, G and Menze, B H and Lashkari, D and Golland, P},
  journal={NeuroImage},
  volume={56},
  pages={497--507},
  year={2011}
}



@article{Limetal2011,
  title={The decision value computations in the vmPFC and striatum use a relative value code that is guided by visual attention},
  author={Lim, Seung-Lark and O'Doherty, J P and Rangel, A},
  journal={Journal of Neuroscience},
  volume={31},
  pages={13214--13223},
  year={2011}
}

@article{Limetal2013,
  title={Stimulus value signals in ventromedial PFC reflect the integration of attribute value signals computed in fusiform gyrus and posterior superior temporal gyrus},
  author={Lim, Seung-Lark and O'Doherty, J P and Rangel, A},
  journal={Journal of Neuroscience},
  volume={33},
  pages={8729--8741},
  year={2013}
}


@article{Leongetal2017,
  title={Dynamic interaction between reinforcement learning and attention in multidimensional environments},
  author={Leong, Yuan Chang and Radulescu, Angela and Daniel, Reka and DeWoskin, Vivian and Niv, Yael},
  journal={Neuron},
  volume={93},
  pages={451--463},
  year={2017}
}

@article{Mccoyetal2018,
  title={Dopaminergic medication reduces striatal sensitivity to negative outcomes in Parkinson's disease},
  author={McCoy, B and Jahfari, S and Engels, G and Knapen, T and Theeuwes, J},
  journal={bioRxiv},
  year={2018}
}


@article{Montagueetal1996,
  title={A framework for mesencephalic dopamine systems based on predictive Hebbian learning},
  author={Montague, P R and Dayan, P and Sejnowski, T J},
  journal={Journal of neuroscience},
  volume={16},
  pages={1936--1947},
  year={1996}
}


@article{Naselarisetal2011,
  title={Encoding and decoding in fMRI},
  author={Naselaris, T and Kay, K N and Nishimoto, S and Gallant, J L},
  journal={Neuroimage},
  volume={56},
  pages={400--410},
  year={2011}
}

@article{Nivetal2012,
  title={Neural prediction errors reveal a risk-sensitive reinforcement-learning process in the human brain},
  author={Niv, Y and Edlund, J A and Dayan, P and O'Doherty, J P},
  journal={Journal of Neuroscience},
  volume={32},
  pages={551--562},
  year={2012}
}

@article{Nivetal2015,
  title={Reinforcement learning in multidimensional environments relies on attention mechanisms},
  author={Niv, Y and Daniel, R and Geana, A and Gershman, S J and Leong, Y C and Radulescu, A and Wilson, R C},
  journal={Journal of Neuroscience},
  volume={35},
  pages={8145--8157},
  year={2015}
}


@article{Odohertyetal2017,
  title={Learning, reward, and decision making},
  author={O'Doherty, J P and Cockburn, J and Pauli, W M},
  journal={Annual review of psychology},
  volume={68},
  pages={73--100},
  year={2017}
}


@article{Odohertyetal2003,
  title={Dissociating valence of outcome from behavioral control in human orbital and ventral prefrontal cortices},
  author={O'Doherty, J and Critchley, H and Deichmann, R and Dolan, R J},
  journal={Journal of neuroscience},
  volume={23},
  pages={7931--7939},
  year={2003}
}


@article{Odohertyetal2004,
  title={Dissociable roles of ventral and dorsal striatum in instrumental conditioning},
  author={O'Doherty, J and Dayan, P and Schultz, J and Deichmann, R and Friston, K and Dolan, R J},
  journal={Science},
  volume={304},
  pages={452--454},
  year={2004}
}

@article{Odohertyetal2007,
  title={Model-based fMRI and its application to reward learning and decision making},
  author={O'Doherty, J P and Hampton, A and Kim, H},
  journal={Annals of the New York Academy of sciences},
  volume={1104},
  pages={35--53},
  year={2007}
}


@article{DenOudenetal2010,
  title={Striatal prediction error modulates cortical coupling},
  author={den Ouden, H E M and Daunizeau, J and Roiser, J and Friston, K J and Stephan, K E},
  journal={Journal of Neuroscience},
  volume={30},
  pages={3210--3219},
  year={2010}
}




@article{Philiastidesetal2011,
  title={Causal role of dorsolateral prefrontal cortex in human perceptual decision making},
  author={Philiastides, M G and Auksztulewicz, R and Heekeren, H R and Blankenburg, F},
  journal={Current biology},
  volume={21},
  pages={980--983},
  year={2011}
}


@article{Pedersenetal2017,
  title={The drift diffusion model as the choice rule in reinforcement learning},
  author={Pedersen, M Lund and Frank, M J and Biele, G},
  journal={Psychonomic bulletin \& review},
  volume={24},
  pages={1234--1251},
  year={2017}
}


@article{Pircalabeluetal2015,
  title={A focused information criterion for graphical models in fMRI connectivity with high-dimensional data},
  author={Pircalabelu, E and Claeskens, G and Jahfari, S and Waldorp, L J},
  journal={The Annals of Applied Statistics},
  volume={9},
  pages={2179--2214},
  year={2015}
}


@article{Pleger2008,
  title={Reward facilitates tactile judgments and modulates hemodynamic responses in human primary somatosensory cortex},
  author={Pleger, B and Blankenburg, F and Ruff, C C and Driver, J and Dolan, R J},
  journal={Journal of Neuroscience},
  volume={28},
  pages={8161--8168},
  year={2008}
}


@article{Plegeretal2009,
  title={Influence of dopaminergically mediated reward on somatosensory decision-making},
  author={Pleger, B and Ruff, C C and Blankenburg, F and Kl{\"o}ppel, S and Driver, J and Dolan, R J},
  journal={PLoS biology},
  volume={7},
  pages={e1000164},
  year={2009}
}


@article{Ruschetal2017,
  title={A two-way street between attention and learning},
  author={Rusch, Tessa and Korn, Christoph W and Gl{\"a}scher, Jan},
  journal={Neuron},
  volume={93},
  pages={256--258},
  year={2017}
}

@article{Roelfsemaetal2010,
  title={Perceptual learning rules based on reinforcers and attention},
  author={Roelfsema, P R and van Ooyen, A and Watanabe, T},
  journal={Trends in cognitive sciences},
  volume={14},
  pages={64--71},
  year={2010}
}



@article{Sasikumaretal2018,
  title={First-Pass Processing of Value Cues in the Ventral Visual Pathway},
  author={Sasikumar, D and Emeric, E and Stuphorn, V and Connor, C E},
  journal={Current Biology},
  volume={28},
  pages={538--548},
  year={2018}
}

@article{Schmittmannetal2015,
  title={Making large-scale networks from fMRI data},
  author={Schmittmann, V D and Jahfari, S and Borsboom, D and Savi, A O and Waldorp, L J},
  journal={PloS one},
  volume={10},
  pages={e0129074},
  year={2015}
}


@article{Schultzetal1997,
  title={A neural substrate of prediction and reward},
  author={Schultz, W and Dayan, P and Montague, P R},
  journal={Science},
  volume={275},
  pages={1593--1599},
  year={1997}
}


@inproceedings{SeaboldPerktold2010,
  title={Statsmodels: Econometric and statistical modeling with python},
  author={Seabold, S and Perktold, J},
  booktitle={Proceedings of the 9th Python in Science Conference},
  volume={57},
  pages={57--61},
  year={2010}
}


@article{Serences2008,
  title={Value-based modulations in human visual cortex},
  author={Serences, J T},
  journal={Neuron},
  volume={60},
  pages={1169--1181},
  year={2008}
}

@article{SerencesSapro2010,
  title={Population response profiles in early visual cortex are biased in favor of more valuable stimuli},
  author={Serences, John T and Saproo, Sameer},
  journal={Journal of neurophysiology},
  volume={104},
  pages={76--87},
  year={2010}
}


@article{Shenhavetal2014,
  title={Anterior cingulate engagement in a foraging context reflects choice difficulty, not foraging value},
  author={Shenhav, A and Straccia, M A and Cohen, J D and Botvinick, M M},
  journal={Nature neuroscience},
  volume={17},
  pages={1249},
  year={2014}
}


@article{Shuleretal2006,
  title={Reward timing in the primary visual cortex},
  author={Shuler, M G and Bear, M F},
  journal={Science},
  volume={311},
  pages={1606--1609},
  year={2006}
}


@article{Snoeketal2019,
  title={How to control for confounds in decoding analyses of neuroimaging data},
  author={Snoek, L and Mileti{\'c}, S and Scholte, H S},
  journal={NeuroImage},
  volume={184},
  pages={741--760},
  year={2019}
}


@article{Stan2014,
  title={RStan: the R interface to Stan, version 2.5. 0},
  author={Stan Development Team},
  year={2014}
}

@article{Stormer2014,
  title={Reward speeds up and increases consistency of visual selective attention: A lifespan comparison},
  author={St{\"o}rmer, V and Eppinger, B and Li, Shu-Chen},
  journal={Cognitive, Affective, \& Behavioral Neuroscience},
  volume={14},
  pages={659--671},
  year={2014}
}

@article{Tobleretal2005,
  title={Adaptive coding of reward value by dopamine neurons},
  author={Tobler, P N and Fiorillo, C D and Schultz, W},
  journal={Science},
  volume={307},
  pages={1642--1645},
  year={2005}
}

@article{vanSlootenetal2018,
  title={How pupil responses track value-based decision-making during and after reinforcement learning},
  author={Van Slooten, J C and Jahfari, S and Knapen, T and Theeuwes, J},
  journal={PLoS computational biology},
  volume={14},
  pages={e1006632},
  year={2018}
}

@article{Vickeryetal2011,
title = {Ubiquity and Specificity of Reinforcement Signals throughout the Human Brain},
author = {Vickery, T J and Chun, M M and Lee D},
journal = {Neuron"},
volume = {72},
pages = {166 -- 177},
year = {2011}
}


@article{WatkinsDayan1992,
  title={Q-learning},
  author={Watkins, C J C H and Dayan, P},
  journal={Machine learning},
  volume={8},
  pages={279--292},
  year={1992}
}


@article{Weiletal2010,
  title={Rewarding feedback after correct visual discriminations has both general and specific influences on visual cortex},
  author={Weil, R S and Furl, N and Ruff, C C and Symmonds, M and Flandin, G and Dolan, R J and Driver, J and Rees, G},
  journal={American Journal of Physiology-Heart and Circulatory Physiology},
  volume={104},
  pages={1746--1757},
  year={2010}
}

@article{Woolrichetal2001,
  title={Temporal autocorrelation in univariate linear modeling of fMRI data},
  author={Woolrich, M W and Ripley, B D and Brady, M and Smith, S M},
  journal={Neuroimage},
  volume={14},
  pages={1370--1386},
  year={2001}
}

@article{Yamamotoetal2012,
  title={What and where information in the caudate tail guides saccades to visual objects},
  author={Yamamoto, S and Monosov, I E and Yasuda, M and Hikosaka, O},
  journal={Journal of Neuroscience},
  volume={32},
  pages={11005--11016},
  year={2012}
}


@article{YuDayan2005,
  title={Uncertainty, neuromodulation, and attention},
  author={Yu, A J and Dayan, P},
  journal={Neuron},
  volume={46},
  pages={681--692},
  year={2005}
}
